% -*- coding: utf-8 -*-
@misc{pike2009,
title={The Go Programming Language (flv)},
author={Rob Pike},
institution={Google Inc.},
year={2009}
}
@misc{vyukov2014,
title={\href{https://docs.google.com/document/d/1yIAYmbvL3JxOKOjuCyon7JhW4cSv1wy5hC0ApeGMV9s/pub}{Go channels on steroids}},
author={Dmitry Vyukov},
year={2014}
}
@misc{mem,
title={\href{https://golang.org/ref/mem}{The Go Memory Model}}
}
@misc{pike2012,
title={\href{http://talks.golang.org/2012/waza.slide}{Concurrency is not Parallelism}},
year={2012},
author={Rob Pike}
}
